<record><leader>00000cas a22000007a 4500</leader><controlfield tag="001">16826828</controlfield><controlfield tag="008">871008d18961897inudn ne      0    0eng d</controlfield><datafield ind1=" " ind2=" " tag="010"><subfield code="a">sn 87056186 </subfield></datafield><datafield ind1=" " ind2=" " tag="040"><subfield code="a">NPI</subfield><subfield code="b">eng</subfield><subfield code="c">NPI</subfield><subfield code="d">OCLCQ</subfield></datafield><datafield ind1=" " ind2=" " tag="042"><subfield code="a">msc</subfield></datafield><datafield ind1="0" ind2="0" tag="245"><subfield code="a">South Bend morning reporter.</subfield></datafield><datafield ind1="3" ind2="0" tag="246"><subfield code="a">South Bend reporter</subfield></datafield><datafield ind1=" " ind2=" " tag="260"><subfield code="a">[South Bend, Ind.] :</subfield><subfield code="b">J.E. Sutton,</subfield><subfield code="c">1896-</subfield></datafield><datafield ind1=" " ind2=" " tag="310"><subfield code="a">Daily (except Mon.)</subfield></datafield><datafield ind1="0" ind2=" " tag="362"><subfield code="a">Vol. 1, no. 1 (Oct. 7, 1896)-</subfield></datafield><datafield ind1="1" ind2=" " tag="362"><subfield code="a">Ceased with Feb. 22, 1897 issue.</subfield></datafield><datafield ind1=" " ind2=" " tag="500"><subfield code="a">Called: South Bend reporter, Oct. 8, 1896.</subfield></datafield><datafield ind1=" " ind2=" " tag="515"><subfield code="a">Thursday issue, Oct. 8, 1896; and Friday issues, Oct. 16, 1896-1897 also served as weekly ed.</subfield></datafield><datafield ind1=" " ind2=" " tag="588"><subfield code="a">Latest issue consulted: Vol. 3, no. 114 (Feb. 18, 1897)</subfield></datafield><datafield ind1=" " ind2=" " tag="752"><subfield code="a">United States</subfield><subfield code="b">Indiana</subfield><subfield code="c">Saint Joseph</subfield><subfield code="d">South Bend.</subfield></datafield></record>